<?xml version="1.0" encoding="UTF-8"?><collection xmlns="http://www.loc.gov/MARC21/slim"><record><leader>00357nam--2200121-i-4500</leader><controlfield tag="001">000033546</controlfield><controlfield tag="002">20161230</controlfield><controlfield tag="005">20161230201039</controlfield><controlfield tag="008">060222s1000------------r-----000-0-eng-d</controlfield><datafield ind1=" " ind2=" " tag="100"><subfield code="a">Meyers, William E</subfield></datafield><datafield ind1=" " ind2=" " tag="245"><subfield code="a">Schmidt r.n</subfield></datafield><datafield ind1=" " ind2=" " tag="260"><subfield code="a">Introduction To Computer Science And Data Processing</subfield></datafield><datafield ind1=" " ind2=" " tag="490"><subfield code="a">New York, Holt, Rinehart And Winston, Inc., 19654. Ix + 380p</subfield></datafield></record></collection>